@comment{jabref-meta: databaseType:bibtex;}

@article{Zhang2024,
    author = {Zhenyu Zhang and Jian Wang and Yunze Wu and Youlong Zhao and Binjie Wu and},
    title = {Deeply supervised network for airborne LiDAR tree classification incorporating dual attention mechanisms},
    journal = {GIScience \& Remote Sensing},
    volume = {61},
    number = {1},
    pages = {2303866},
    year = {2024},
    publisher = {Taylor \& Francis},
    URL = {doi.org/10.1080/15481603.2024.2303866}}

@misc{Weiser2022a,
    author={Hannah {Weiser} and Jannika {Sch\"{a}fer} and Lukas {Winiwarter} and Nina {Kra\v{s}ovec} and Christian {Seitz} and Marian {Schimka} and Katharina {Anders} and Daria {Baete} and Andressa Soarez {Braz} and Johannes {Brand} and Denis {Debroize} and Paula {Kuss} and Lioba Lucia {Martin} and Angelo {Mayer} and Torben {Schrempp} and Lisa-Maricia {Schwarz} and Veit {Ulrich} and Fabian E {Fassnacht} and Bernhard {H\"{o}fle}},
    title={{Terrestrial, UAV-borne, and airborne laser scanning point clouds of central European forest plots, Germany, with extracted individual trees and manual forest inventory measurements}},
    year={2022},
    Howpublished={doi.org/10.1594/PANGAEA.942856},
    type={dataset},
    publisher={PANGAEA}
}

@misc{Weiser2022b,
    Author = {Hannah {Weiser} and Jannika {Sch\"{a}fer} and Lukas {Winiwarter} and Nina {Kra\v{s}ovec} and Christian {Seitz} and Marian {Schimka} and Katharina {Anders} and Daria {Baete} and Johannes {Brand} and Denis {Debroize} and Paula {Kuss} and Lioba Lucia {Martin} and Angelo {Mayer} and Torben {Schrempp} and Lisa-Maricia {Schwarz} and     Andressa Soarez {Braz} and  and Veit {Ulrich} and Fabian E {Fassnacht} and Bernhard {H\"{o}fle}},
    Howpublished = {https://download.pangaea.de/reference/109167/attachments/\\SYSSIFOSS\_2019-2020\_meta\_4.pdf (01.02.2025)},
    Title = {{Terrestrial, UAV-borne, and airborne laser scanning point clouds of central European forest plots with extracted individual trees and manual forest inventory measurements. Metadata Documentation.}},
    Year = {2022}}

@Article{Weiser2022c,
    AUTHOR = {Weiser, H. and Sch\"afer, J. and Winiwarter, L. and Kra\v{s}ovec, N. and Fassnacht, F. E. and H\"ofle, B.},
    TITLE = {Individual tree point clouds and tree measurements from multi-platform laser scanning in German forests},
    JOURNAL = {Earth System Science Data},
    VOLUME = {14},
    YEAR = {2022},
    NUMBER = {7},
    PAGES = {2989--3012},
    URL = {doi.org/10.5194/essd-14-2989-2022}}
